@electronic{perform14,
  author        = "{PERFORM} Group",
  title         = "Mobius Project Support",
  url           = "https://www.mobius.illinois.edu/research.php",
  year          = "2014",
}
