@article{Matsumoto:1998:MTE:272991.272995,
    author = {Matsumoto, Makoto and Nishimura, Takuji},
    title = {Mersenne Twister: A 623-dimensionally Equidistributed Uniform Pseudo-random Number Generator},
    journal = {ACM Trans. Model. Comput. Simul.},
    issue_date = {Jan. 1998},
    volume = {8},
    number = {1},
    month = jan,
    year = {1998},
    issn = {1049-3301},
    pages = {3--30},
    numpages = {28},
    url = {http://doi.acm.org.proxy2.library.illinois.edu/10.1145/272991.272995},
    doi = {10.1145/272991.272995},
    acmid = {272995},
    publisher = {ACM},
    address = {New York, NY, USA},
    keywords = {k-distribution, m-sequences, GFSR, MT19937, Mersenne primes, Mersenne twister, TGFSR, finite fields, incomplete array, inversive-decimation method, multiple-recursive matrix method, primitive polynomials, random number generation, tempering},
}

@online{uniformrealdistribution,
    url = {http://en.cppreference.com/w/cpp/numeric/random/uniform\_real\_distribution},
    author = {cppreference.com},
    year = 2014,
    urldate = {2014-10-18},
    title = {std::uniform\_real\_distribution},
}

@online{diehard,
    url = {http://www.stat.fsu.edu/pub/diehard/},
    year = 1995,
    author = {George Marsaglia},
    title = {The Marsaglia Random Number CDROM including the Diehard Battery of Tests of Randomness}
}

@techreport{nisttoolkit,
 author = {Bassham,III, Lawrence E. and Rukhin, Andrew L. and Soto, Juan and Nechvatal, James R. and Smid, Miles E. and Barker, Elaine B. and Leigh, Stefan D. and Levenson, Mark and Vangel, Mark and Banks, David L. and Heckert, Nathanael Alan and Dray, James F. and Vo, San},
 title = {SP 800-22 Rev. 1a. A Statistical Test Suite for Random and Pseudorandom Number Generators for Cryptographic Applications},
 year = {2010},
 publisher = {National Institute of Standards \& Technology},
 address = {Gaithersburg, MD, United States},
}

@article{Panneton:2006:ILG:1132973.1132974,
 author = {Panneton, Fran\c{c}ois and L'Ecuyer, Pierre and Matsumoto, Makoto},
 title = {Improved Long-period Generators Based on Linear Recurrences Modulo 2},
 journal = {ACM Trans. Math. Softw.},
 issue_date = {March 2006},
 volume = {32},
 number = {1},
 month = mar,
 year = {2006},
 issn = {0098-3500},
 pages = {1--16},
 numpages = {16},
 url = {http://doi.acm.org/10.1145/1132973.1132974},
 doi = {10.1145/1132973.1132974},
 acmid = {1132974},
 publisher = {ACM},
 address = {New York, NY, USA},
 keywords = {GFSR linear recurrence modulo 2, Mersenne twister, Random number generation, linear feedback shift register},
}

@article{Panneton:2005:XRN:1113316.1113319,
 author = {Panneton, Fran\c{c}ois and L'ecuyer, Pierre},
 title = {On the Xorshift Random Number Generators},
 journal = {ACM Trans. Model. Comput. Simul.},
 issue_date = {October 2005},
 volume = {15},
 number = {4},
 month = oct,
 year = {2005},
 issn = {1049-3301},
 pages = {346--361},
 numpages = {16},
 url = {http://doi.acm.org/10.1145/1113316.1113319},
 doi = {10.1145/1113316.1113319},
 acmid = {1113319},
 publisher = {ACM},
 address = {New York, NY, USA},
 keywords = {Random number generation, linear feedback shift register, linear recurrence modulo 2, xorshift},
}

@article{Payne:1969:CLP:362848.362860,
 author = {Payne, W. H. and Rabung, J. R. and Bogyo, T. P.},
 title = {Coding the Lehmer Pseudo-random Number Generator},
 journal = {Commun. ACM},
 issue_date = {Feb. 1969},
 volume = {12},
 number = {2},
 month = feb,
 year = {1969},
 issn = {0001-0782},
 pages = {85--86},
 numpages = {2},
 url = {http://doi.acm.org/10.1145/362848.362860},
 doi = {10.1145/362848.362860},
 acmid = {362860},
 publisher = {ACM},
 address = {New York, NY, USA},
 keywords = {modular arithmetic, prime factorization, primitive roots, pseudo-random number, random number, simulation, uniform frequency function, uniform probability density},
}

@article{Wikramaratna:2008:ACR:1363375.1363601,
 author = {Wikramaratna, Roy S.},
 title = {The Additive Congruential Random Number generator-A Special Case of a Multiple Recursive Generator},
 journal = {J. Comput. Appl. Math.},
 issue_date = {June 2008},
 volume = {216},
 number = {2},
 month = jun,
 year = {2008},
 issn = {0377-0427},
 pages = {371--387},
 numpages = {17},
 url = {http://dx.doi.org/10.1016/j.cam.2007.05.018},
 doi = {10.1016/j.cam.2007.05.018},
 acmid = {1363601},
 publisher = {Elsevier Science Publishers B. V.},
 address = {Amsterdam, The Netherlands, The Netherlands},
 keywords = {65C10, 68U20, Algorithm, Implementation, Pseudo-random number generator, Theoretical analysis},
}

@article{randomnumbersinplanes,
    title = {Random Numbers Fall Mainly in the Planes},
    author = {George Marsaglia},
    year = {1968},
    journal = {Proceedings of the National Academy of Sciences of the United States of America},
    volume = {61},
    issue = {1},
    pages = {25--28}
}

@article{Saiprasert:2010:OHA:1857927.1857929,
 author = {Saiprasert, Chalermpol and Bouganis, Christos-S. and Constantinides, George A.},
 title = {An Optimized Hardware Architecture of a Multivariate Gaussian Random Number Generator},
 journal = {ACM Trans. Reconfigurable Technol. Syst.},
 issue_date = {December 2010},
 volume = {4},
 number = {1},
 month = dec,
 year = {2010},
 issn = {1936-7406},
 pages = {2:1--2:21},
 articleno = {2},
 numpages = {21},
 url = {http://doi.acm.org.proxy2.library.illinois.edu/10.1145/1857927.1857929},
 doi = {10.1145/1857927.1857929},
 acmid = {1857929},
 publisher = {ACM},
 address = {New York, NY, USA},
 keywords = {FPGA, Multivariate Gaussian distribution, hardware architecture optimization, word-length optimization},
}

@inproceedings{Barel:1983:FHR:800042.801454,
 author = {Barel, Meir},
 title = {Fast Hardware Random Number Generator for the Tausworthe Sequence},
 booktitle = {Proceedings of the 16th Annual Symposium on Simulation},
 series = {ANSS '83},
 year = {1983},
 location = {Tampa, Florida, USA},
 pages = {121--135},
 numpages = {15},
 url = {http://dl.acm.org.proxy2.library.illinois.edu/citation.cfm?id=800042.801454},
 acmid = {801454},
 publisher = {IEEE Computer Society Press},
 address = {Los Alamitos, CA, USA},
}

@inproceedings{Hennebert:2013:EHP:2462096.2462122,
 author = {Hennebert, Christine and Hossayni, Hicham and Lauradoux, C{\'e}dric},
 title = {Entropy Harvesting from Physical Sensors},
 booktitle = {Proceedings of the Sixth ACM Conference on Security and Privacy in Wireless and Mobile Networks},
 series = {WiSec '13},
 year = {2013},
 isbn = {978-1-4503-1998-0},
 location = {Budapest, Hungary},
 pages = {149--154},
 numpages = {6},
 url = {http://doi.acm.org.proxy2.library.illinois.edu/10.1145/2462096.2462122},
 doi = {10.1145/2462096.2462122},
 acmid = {2462122},
 publisher = {ACM},
 address = {New York, NY, USA},
 keywords = {entropy sources, min-entropy},
}

@inbook{Yao_1982, title={Theory and applications of trapdoor functions}, booktitle={23rd Annual Symposium on Foundations of Computer Science}, author={Yao, A C}, year={1982}, pages={80--91}}

@online{github_repo,
    title = {kashev/rngs: A project for {ECE} 541 Project \#2 @ {UIUC}. {Investigating Random Number Generators}},
    url = {https://github.com/kashev/rngs},
    author = {Kashev Dalmia},
    year = {2014},
    publisher = {GitHub}
}
